<?xml version="1.0" encoding="UTF-8"?><record xmlns="http://www.loc.gov/MARC21/slim" xmlns:cinclude="http://apache.org/cocoon/include/1.0" xmlns:zs="http://www.loc.gov/zing/srw/">
  <leader>00886cz  a2200205n  4500</leader>
  <controlfield tag="001">no2012022416</controlfield>
  <controlfield tag="003">DLC</controlfield>
  <controlfield tag="005">20150203073802.0</controlfield>
  <controlfield tag="008">120215n| acannaabn          |n aba     c</controlfield>
  <datafield tag="010" ind1=" " ind2=" ">
    <subfield code="a">no2012022416</subfield>
  </datafield>
  <datafield tag="035" ind1=" " ind2=" ">
    <subfield code="a">(OCoLC)oca09116969</subfield>
  </datafield>
  <datafield tag="040" ind1=" " ind2=" ">
    <subfield code="a">OrPlMLA</subfield>
    <subfield code="b">eng</subfield>
    <subfield code="c">OrPlMLA</subfield>
    <subfield code="d">DLC</subfield>
    <subfield code="d">MeLB</subfield>
  </datafield>
  <datafield tag="100" ind1="1" ind2=" ">
    <subfield code="a">Adams, Penny</subfield>
  </datafield>
  <datafield tag="667" ind1=" " ind2=" ">
    <subfield code="a">THIS 1XX FIELD CANNOT BE USED UNDER RDA UNTIL THIS UNDIFFERENTIATED RECORD HAS BEEN HANDLED FOLLOWING THE GUIDELINES IN DCM Z1 008/32</subfield>
  </datafield>
  <datafield tag="670" ind1=" " ind2=" ">
    <subfield code="a">[Editor of Socio-cultural issues in English for academic purposes]</subfield>
  </datafield>
  <datafield tag="670" ind1=" " ind2=" ">
    <subfield code="a">Socio-cultural issues in English for academic purposes, 1991:</subfield>
    <subfield code="b">t.p. (Penny Adams)</subfield>
  </datafield>
  <datafield tag="670" ind1=" " ind2=" ">
    <subfield code="a">[Co-author of Motherguilt]</subfield>
  </datafield>
  <datafield tag="670" ind1=" " ind2=" ">
    <subfield code="a">Motherguilt, 2005:</subfield>
    <subfield code="b">t.p. (Penny Adams)</subfield>
  </datafield>
  <datafield tag="670" ind1=" " ind2=" ">
    <subfield code="a">[Contributor of Step up through reading preschool. K 3]</subfield>
  </datafield>
  <datafield tag="670" ind1=" " ind2=" ">
    <subfield code="a">Step up through reading preschool. K 3, 2006:</subfield>
    <subfield code="b">table of content (Penny Adams)</subfield>
  </datafield>
</record>